{
    "BTCUSDT": [
        {
            "side": "buy",
            "price": "11110.06000000",
            "qty": 0.0010010000000000151,
            "amount": 11.121170060000168,
            "date": "2020-07-31 10:00:28"
        },
        {
            "side": "buy",
            "price": "11140.54000000",
            "qty": 0.0009980000000000154,
            "amount": 11.118258920000173,
            "date": "2020-07-31 10:15:42"
        },
        {
            "side": "buy",
            "price": "11135.21000000",
            "qty": 0.0009980000000000154,
            "amount": 11.11293958000017,
            "date": "2020-07-31 10:20:38"
        },
        {
            "side": "buy",
            "price": "11138.99000000",
            "qty": 0.0009980000000000154,
            "amount": 11.11671202000017,
            "date": "2020-07-31 10:24:28"
        },
        {
            "side": "buy",
            "price": "11142.41000000",
            "qty": 0.0009980000000000154,
            "amount": 11.120125180000171,
            "date": "2020-07-31 10:29:54"
        },
        {
            "side": "buy",
            "price": "11153.53000000",
            "qty": 0.0009970000000000155,
            "amount": 11.120069410000173,
            "date": "2020-07-31 10:41:35"
        },
        {
            "side": "buy",
            "price": "11157.66000000",
            "qty": 0.0009960000000000155,
            "amount": 11.113029360000173,
            "date": "2020-07-31 10:49:46"
        },
        {
            "side": "buy",
            "price": "11175.05000000",
            "qty": 0.0009950000000000156,
            "amount": 11.119174750000173,
            "date": "2020-07-31 10:58:46"
        },
        {
            "side": "buy",
            "price": "11158.86000000",
            "qty": 0.0009960000000000155,
            "amount": 11.114224560000174,
            "date": "2020-07-31 11:00:36"
        },
        {
            "side": "buy",
            "price": "11188.61000000",
            "qty": 0.0009940000000000157,
            "amount": 11.121478340000177,
            "date": "2020-07-31 12:00:57"
        },
        {
            "side": "buy",
            "price": "11223.83000000",
            "qty": 0.000990000000000016,
            "amount": 11.11159170000018,
            "date": "2020-07-31 13:00:40"
        },
        {
            "side": "buy",
            "price": "11186.84000000",
            "qty": 0.0009940000000000157,
            "amount": 11.119718960000176,
            "date": "2020-07-31 13:08:34"
        },
        {
            "side": "buy",
            "price": "11157.82000000",
            "qty": 0.0009960000000000155,
            "amount": 11.113188720000172,
            "date": "2020-07-31 13:26:38"
        },
        {
            "side": "buy",
            "price": "11125.60000000",
            "qty": 0.0009990000000000153,
            "amount": 11.114474400000171,
            "date": "2020-07-31 13:32:45"
        },
        {
            "side": "buy",
            "price": "11140.00000000",
            "qty": 0.0009980000000000154,
            "amount": 11.11772000000017,
            "date": "2020-07-31 13:35:43"
        },
        {
            "side": "buy",
            "price": "11138.96000000",
            "qty": 0.0009980000000000154,
            "amount": 11.11668208000017,
            "date": "2020-07-31 13:41:41"
        },
        {
            "side": "buy",
            "price": "11130.60000000",
            "qty": 0.0009990000000000153,
            "amount": 11.11946940000017,
            "date": "2020-07-31 13:42:04"
        },
        {
            "side": "buy",
            "price": "11132.77000000",
            "qty": 0.0009990000000000153,
            "amount": 11.12163723000017,
            "date": "2020-07-31 13:43:49"
        },
        {
            "side": "buy",
            "price": "11121.57000000",
            "qty": 0.0010000000000000152,
            "amount": 11.121570000000169,
            "date": "2020-07-31 13:44:09"
        }
    ],
    "ETHUSDT": [
        {
            "side": "buy",
            "price": "338.67000000",
            "qty": 0.032809999999999374,
            "amount": 11.111762699999788,
            "date": "2020-07-31 10:15:39"
        },
        { "side": "buy", "price": "339.19000000", "qty": 0.03275999999999936, "amount": 11.111864399999783, "date": "2020-07-31 10:30:15" },
        { "side": "buy", "price": "340.82000000", "qty": 0.03260999999999931, "amount": 11.114140199999765, "date": "2020-07-31 10:41:34" },
        { "side": "buy", "price": "342.31000000", "qty": 0.03245999999999927, "amount": 11.111382599999748, "date": "2020-07-31 10:52:45" },
        { "side": "buy", "price": "343.29000000", "qty": 0.03236999999999924, "amount": 11.11229729999974, "date": "2020-07-31 10:56:20" },
        { "side": "buy", "price": "342.21000000", "qty": 0.03246999999999927, "amount": 11.11155869999975, "date": "2020-07-31 11:00:35" },
        { "side": "buy", "price": "342.91000000", "qty": 0.03240999999999925, "amount": 11.113713099999744, "date": "2020-07-31 11:10:23" },
        { "side": "buy", "price": "342.93000000", "qty": 0.03240999999999925, "amount": 11.114361299999743, "date": "2020-07-31 11:15:49" },
        { "side": "buy", "price": "342.92000000", "qty": 0.03240999999999925, "amount": 11.114037199999744, "date": "2020-07-31 11:32:13" },
        {
            "side": "buy",
            "price": "342.76000000",
            "qty": 0.032419999999999255,
            "amount": 11.112279199999744,
            "date": "2020-07-31 11:39:05"
        },
        {
            "side": "buy",
            "price": "342.42000000",
            "qty": 0.032449999999999264,
            "amount": 11.111528999999749,
            "date": "2020-07-31 11:39:52"
        },
        { "side": "buy", "price": "345.07000000", "qty": 0.03219999999999919, "amount": 11.11125399999972, "date": "2020-07-31 11:54:15" },
        {
            "side": "buy",
            "price": "345.27000000",
            "qty": 0.032189999999999185,
            "amount": 11.114241299999717,
            "date": "2020-07-31 11:55:30"
        },
        { "side": "buy", "price": "343.21000000", "qty": 0.03237999999999924, "amount": 11.11313979999974, "date": "2020-07-31 11:59:26" },
        {
            "side": "buy",
            "price": "341.75000000",
            "qty": 0.032519999999999286,
            "amount": 11.113709999999756,
            "date": "2020-07-31 12:11:55"
        },
        { "side": "buy", "price": "342.92000000", "qty": 0.03240999999999925, "amount": 11.114037199999744, "date": "2020-07-31 12:18:56" },
        {
            "side": "buy",
            "price": "343.05000000",
            "qty": 0.032389999999999246,
            "amount": 11.111389499999742,
            "date": "2020-07-31 12:20:32"
        },
        { "side": "buy", "price": "343.09000000", "qty": 0.032389999999999246, "amount": 11.11268509999974, "date": "2020-07-31 12:21:48" },
        { "side": "buy", "price": "342.63000000", "qty": 0.03242999999999926, "amount": 11.111490899999746, "date": "2020-07-31 12:27:44" },
        { "side": "buy", "price": "344.14000000", "qty": 0.032289999999999215, "amount": 11.11228059999973, "date": "2020-07-31 12:35:22" },
        { "side": "buy", "price": "344.75000000", "qty": 0.0322299999999992, "amount": 11.111292499999722, "date": "2020-07-31 12:45:00" },
        { "side": "buy", "price": "343.91000000", "qty": 0.03230999999999922, "amount": 11.111732099999733, "date": "2020-07-31 12:50:26" },
        { "side": "buy", "price": "344.23000000", "qty": 0.03227999999999921, "amount": 11.11174439999973, "date": "2020-07-31 13:01:22" },
        { "side": "buy", "price": "344.05000000", "qty": 0.03229999999999922, "amount": 11.112814999999731, "date": "2020-07-31 13:01:23" },
        {
            "side": "buy",
            "price": "342.44000000",
            "qty": 0.032449999999999264,
            "amount": 11.112177999999748,
            "date": "2020-07-31 13:08:32"
        },
        { "side": "buy", "price": "341.03000000", "qty": 0.03258999999999931, "amount": 11.114167699999763, "date": "2020-07-31 13:30:29" },
        { "side": "buy", "price": "339.60000000", "qty": 0.03271999999999935, "amount": 11.111711999999779, "date": "2020-07-31 13:31:57" },
        { "side": "buy", "price": "340.90000000", "qty": 0.03259999999999931, "amount": 11.113339999999765, "date": "2020-07-31 13:44:08" }
    ],
    "LTCUSDT": [
        { "side": "buy", "price": "56.53000000", "qty": 0.1965600000000558, "amount": 11.111536800003154, "date": "2020-07-31 10:01:09" },
        { "side": "buy", "price": "57.02000000", "qty": 0.1948700000000541, "amount": 11.111487400003085, "date": "2020-07-31 10:48:47" },
        { "side": "buy", "price": "57.19000000", "qty": 0.19429000000005353, "amount": 11.111445100003062, "date": "2020-07-31 10:59:10" },
        { "side": "buy", "price": "57.00000000", "qty": 0.19494000000005418, "amount": 11.111580000003089, "date": "2020-07-31 11:00:36" },
        { "side": "buy", "price": "57.45000000", "qty": 0.19341000000005265, "amount": 11.111404500003026, "date": "2020-07-31 11:59:31" },
        { "side": "buy", "price": "57.23000000", "qty": 0.1941500000000534, "amount": 11.111204500003055, "date": "2020-07-31 12:00:55" },
        { "side": "buy", "price": "58.50000000", "qty": 0.18994000000004918, "amount": 11.111490000002878, "date": "2020-07-31 13:07:02" },
        { "side": "buy", "price": "58.02000000", "qty": 0.19151000000005075, "amount": 11.111410200002945, "date": "2020-07-31 13:08:12" },
        { "side": "buy", "price": "57.54000000", "qty": 0.19311000000005235, "amount": 11.111549400003012, "date": "2020-07-31 13:26:56" }
    ]
}
